@BOOK{ArjenMarkus2012a,
    author = {Markus, Arjen},
    title = {Modern Fortran in Practice},
    year = {2012},
    publisher = {Cambridge University Press},
    isbn = {1107603471}
}

@online{Lua53Manual,
  title        = {Lua 5.3 Reference Manual},
  author       = {Ierusalimschy, Roberto and de Figueiredo, Luiz Henrique and Celes, Waldemar},
  year         = {2021},
  date         = {2021},
  urldate      = {2021-04-02},
  url          = {https://www.lua.org/manual/5.3/manual.html}
}
